@article{Shor:1994jg,
    author = "Shor, Peter W.",
    title = "{Polynomial time algorithms for prime factorization and discrete logarithms on a quantum computer}",
    eprint = "quant-ph/9508027",
    archivePrefix = "arXiv",
    doi = "10.1137/S0097539795293172",
    journal = "SIAM J. Sci. Statist. Comput.",
    volume = "26",
    pages = "1484",
    year = "1997"
}

@misc{ibm:quantum,
	author = "Adrian Cho",
	title = {{IBM} promises 1000-qubit quantum computer—a milestone—by 2023},
	month = {September},
	year = {2020},
	url = {https://www.sciencemag.org/news/2020/09/ibm-promises-1000-qubit-quantum-computer-milestone-2023}
}

@book{nielsen2010quantum,
  title={Quantum Computation and Quantum Information: 10th Anniversary Edition},
  author={Nielsen, M.A. and Chuang, I.L.},
  isbn={9781139495486},
  year={2010},
  publisher={Cambridge University Press}
}


